@article{dommel1969digital,
  title={Digital computer solution of electromagnetic transients in single-and multiphase networks},
  author={Dommel, Hermann W},
  journal={IEEE transactions on power apparatus and systems},
  number={4},
  pages={388--399},
  year={1969},
  publisher={IEEE}
}

@book{pierce2002types,
  title={Types and programming languages},
  author={Pierce, Benjamin C and Benjamin, C},
  year={2002},
  publisher={MIT press}
}

@inproceedings{mason2018language,
  title={Language Choice in Introductory Programming Courses at Australasian and UK Universities},
  author={Mason, Raina and Crick, Tom and Davenport, James H and Murphy, Ellen and others},
  booktitle={Proceedings of the 49th ACM Technical Symposium on Computer Science Education},
  pages={852--857},
  year={2018},
  organization={ACM}
}

@article{cass20152015,
  title={The 2015 top ten programming languages},
  author={Cass, Stephen},
  journal={IEEE Spectrum, July},
  volume={20},
  year={2015}
}

@article{thta2015bonatto,
  title={Comparative solutions of numerical oscillations in the trapezoidal method used by EMTP-based programs},
  author={Ferreira, LFR and Bonatto, BD and Cogo, JR and de Jesus, NC and Dommel, HW and Mart{\'\i}, JR},
  journal={IPST, Cavtat, Croatia},
  pages={147--153},
  year={2015}
}

@article{kolling1999problem,
  title={The problem of teaching object-oriented programming, Part 1: Languages},
  author={K{\"o}lling, Michael},
  journal={Journal of Object-oriented programming},
  volume={11},
  number={8},
  pages={8--15},
  year={1999},
  publisher={SIGS Publications}
}

@book{rumbaugh1991object,
  title={Object-oriented modeling and design},
  author={Rumbaugh, James and Blaha, Michael and Premerlani, William and Eddy, Frederick and Lorensen, William E. and others},
  volume={199},
  number={1},
  year={1991},
  publisher={Prentice-hall Englewood Cliffs, NJ}
}

@article{wang2006practical,
  title={A practical way to teach web programming in computer science},
  author={Wang, Xusheng},
  journal={Journal of Computing Sciences in Colleges},
  volume={22},
  number={1},
  pages={211--220},
  year={2006},
  publisher={Consortium for Computing Sciences in Colleges}
}

@article{sabry1998,
  title={What is a purely functional language?},
  author={Sabry, Amr},
  journal={Journal of Functional Programming},
  volume={8},
  number={1},
  pages={1--22},
  year={1998},
  publisher={Cambridge University Press}
}


@article{hughes1989functional,
  title={Why functional programming matters},
  author={Hughes, John},
  journal={The computer journal},
  volume={32},
  number={2},
  pages={98--107},
  year={1989},
  publisher={Oxford University Press}
}

@book{hutton2016programming,
  title={Programming in Haskell},
  author={Hutton, Graham},
  year={2016},
  publisher={Cambridge University Press}
}

@inproceedings{tavante2018open,
  title={Open Source Implementations of Electromagnetic Transient Algorithms},
  author={Tavante, HCA and Bonatto, BD and Coutinho, MP},
  booktitle={2018 13th IEEE International Conference on Industry Applications (INDUSCON)},
  pages={825--828},
  year={2018},
  organization={IEEE}
}

@misc{cassava,
  title = {cassava library},
  howpublished = {\url{http://hackage.haskell.org/package/cassava}},
  note = {Accessed: 2019-12-01}
}

@misc{datamatrix,
  title = {Data.Matrix library},
  howpublished = {\url{https://hackage.haskell.org/package/matrix-0.2.2/docs/Data-Matrix.html}},
  note = {Accessed: 2019-12-01}
}

@misc{hmatrix,
  title = {HMatrix library},
  howpublished = {\url{http://hackage.haskell.org/package/hmatrix}},
  note = {Accessed: 2019-12-01}
}

@misc{ghc,
  title = {Haskell GHC Compiler},
  howpublished = {\url{https://downloads.haskell.org/ghc/latest/docs/html/users_guide/}},
  note = {Accessed: 2019-12-01}
}

@misc{fp101em,
  title = {Introduction to Functional Programming E. Meijer},
  author = {Meijer, Erik},
  howpublished = {\url{https://ocw.tudelft.nl/courses/introduction-to-functional-programming/}},
  note = {Accessed: 2019-12-01}
}

@misc{plcoursera,
  title = {Programming Languages, Part A},
  author = {Grossman, Dan},
  howpublished = {\url{https://www.coursera.org/learn/programming-languages}},
  note = {Accessed: 2019-12-01}
}

@misc{ibmpl,
  title = {Programming Languages History},
  author = {IBM},
  note = {Accessed: 2019-12-01}
}

@misc{atpsiteim,
  title = {ATPDraw},
  author = {ATP Draw},
  howpublished = {\url{http://www.atpdraw.net}},
  note = {Accessed: 2019-12-01}
}

@misc{atpsite,
  title = {ATP},
  author = {ATP},
  howpublished = {\url{https://www.eeug.org/index.php/about-eeug/about-atp}},
  note = {Accessed: 2019-12-01}
}

@misc{atplic,
  title = {ATP License},
  author = {ATP},
  howpublished = {\url{https://www.eeug.org/index.php/form-europe}},
  note = {Accessed: 2019-12-01}
}

@misc{emtprv,
  title = {EMTP-RV},
  author = {EMTP},
  howpublished = {\url{https://www.emtp-software.com/en/products/emtp}},
  note = {Accessed: 2019-12-01}
}


@misc{emtpim,
  title = {EMTP},
  author = {EMTP},
  howpublished = {\url{https://www.emtp-software.com/en/products/emtp}},
  note = {Accessed: 2019-12-01}
}

@misc{thtaoctave,
  author = {Bonatto, B. D. and others},
  title = {THTA Octave},
  year = {2018},
  publisher = {GitHub},
  howpublished = {\url{https://github.com/aptis/THTA}}
}

@misc{pythta,
  author = {Tavante, H. C. A and Bonatto, B. D. and others},
  title = {THTA Octave},
  year = {2018},
  publisher = {GitHub},
  howpublished = {\url{https://github.com/hannelita/PyTHTA}}
}

@misc{thtahs,
  author = {Tavante, H. C. A},
  title = {THTA Haskell},
  year = {2019},
  publisher = {GitHub},
  howpublished = {\url{https://github.com/hannelita/thtahs}}
}

@misc{stack,
  title = {Haskell Stack},
  howpublished = {\url{https://docs.haskellstack.org/en/stable/README/}},
  note = {Accessed: 2019-12-01}
}

@misc{hackage,
  title = {Haskell Hackage},
  howpublished = {\url{http://hackage.haskell.org/packages/browse}},
  note = {Accessed: 2019-12-01}
}

@misc{cabal,
  title = {Haskell Cabal},
  howpublished = {\url{https://www.haskell.org/cabal/}},
  note = {Accessed: 2019-12-01}
}

@misc{coqurl,
  title = {Coq},
  howpublished = {\url{https://coq.inria.fr/tutorial-nahas}},
  note = {Accessed: 2019-12-01}
}

@misc{liquidhaskell,
  title = {Liquid haskell},
  howpublished = {\url{https://ucsd-progsys.github.io/liquidhaskell-blog/}},
  note = {Accessed: 2019-12-01}
}



@article{hutton1998monadic,
  title={Monadic parsing in Haskell},
  author={Hutton, Graham and Meijer, Erik},
  journal={Journal of functional programming},
  volume={8},
  number={4},
  pages={437--444},
  year={1998},
  publisher={Cambridge University Press}
}

@article{koohang2005open,
  title={Open source: A metaphor for e-learning.},
  author={Koohang, Alex and Harman, Keith},
  journal={Informing Science},
  volume={8},
  year={2005}
}

@article{watson2008business,
  title={The business of open source},
  author={Watson, Richard T and Boudreau, Marie-Claude and York, Paul T and Greiner, Martina E and Wynn Jr, Donald},
  journal={Communications of the ACM},
  volume={51},
  number={4},
  pages={41--46},
  year={2008},
  publisher={ACM}
}

@article{martinez2015introduction,
  title={Introduction to Electromagnetic Transient Analysis of Power Systems},
  author={Martinez-Velasco, Juan A},
  journal={Transient Analysis of Power Systems: Solution Techniques, Tools and Applications},
  pages={1--8},
  year={2015},
  publisher={John Wiley \& Sons, Ltd Chichester, UK}
}

@inproceedings{hudak2007history,
  title={A history of Haskell: being lazy with class},
  author={Hudak, Paul and Hughes, John and Peyton Jones, Simon and Wadler, Philip},
  booktitle={Proceedings of the third ACM SIGPLAN conference on History of programming languages},
  pages={12--1},
  year={2007},
  organization={ACM}
}

@article{turner2006church,
  title={Church's thesis and functional programming},
  author={Turner, David},
  journal={Church's Thesis after},
  volume={70},
  pages={518--544},
  year={2006}
}

@book{felleisen2018design,
  title={How to design programs: an introduction to programming and computing},
  author={Felleisen, Matthias and Findler, Robert Bruce and Flatt, Matthew and Krishnamurthi, Shriram},
  year={2018},
  publisher={MIT Press}
}

@article{parker2012history,
  title={The History of Computer Language Selection},
  author={Parker, Kevin R and Davey, Bill},
  booktitle={Reflections on the History of Computing},
  pages={166--179},
  year={2012},
  publisher={Springer}
}

@article{sammet1972programming,
  title={Programming languages: history and future},
  author={Sammet, Jean E},
  journal={Communications of the ACM},
  volume={15},
  number={7},
  pages={601--610},
  year={1972},
  publisher={ACM}
}

@article{lerner2001open,
  title={The open source movement: Key research questions},
  author={Lerner, Josh and Tirole, Jean},
  journal={European economic review},
  volume={45},
  number={4-6},
  pages={819--826},
  year={2001},
  publisher={Elsevier}
}

@book{hudak2000haskell,
  title={The Haskell school of expression: learning functional programming through multimedia},
  author={Hudak, Paul},
  year={2000},
  publisher={Cambridge University Press}
}

@inproceedings{ray2014large,
  title={A large scale study of programming languages and code quality in github},
  author={Ray, Baishakhi and Posnett, Daryl and Filkov, Vladimir and Devanbu, Premkumar},
  booktitle={Proceedings of the 22nd ACM SIGSOFT International Symposium on Foundations of Software Engineering},
  pages={155--165},
  year={2014},
  organization={ACM}
}

@article{gotterbarn1999software,
  title={Software engineering code of ethics is approved},
  author={Gotterbarn, Don and Miller, Keith and Rogerson, Simon},
  journal={Communications of the ACM},
  volume={42},
  number={10},
  pages={102--107},
  year={1999},
  publisher={ACM}
}

@book{birdwadler,
 author = {Bird, Richard and Wadler, Philip},
 title = {An Introduction to Functional Programming},
 year = {1988},
 isbn = {0-13-484189-1},
 publisher = {Prentice Hall International (UK) Ltd.},
 address = {Hertfordshire, UK, UK},
} 


@book{thompson1991type,
  title={Type theory and functional programming},
  author={Thompson, Simon},
  year={1991},
  publisher={Addison Wesley}
}

@inproceedings{turner1995elementary,
  title={Elementary strong functional programming},
  author={Turner, David A},
  booktitle={International Symposium on Functional Programming Languages in Education},
  pages={1--13},
  year={1995},
  organization={Springer}
}

@article{backus1978can,
  title={Can Programming Be Liberated from the von Neumann Style? A Functional Style and Its},
  author={Backus, John},
  journal={Communications},
  year={1978}
}

@article{lin1990implementation,
  title={Implementation of the CDA procedure in the EMTP},
  author={Lin, Jiming and Marti, Jose R},
  journal={IEEE Transactions on Power Systems},
  volume={5},
  number={2},
  pages={394--402},
  year={1990},
  publisher={IEEE}
}

@article{harrison1997introduction,
  title={Introduction to functional programming},
  author={Harrison, John},
  journal={Lecture Notes, Cam},
  year={1997}
}

@book{michaelson2011introduction,
  title={An introduction to functional programming through lambda calculus},
  author={Michaelson, Greg},
  year={2011},
  publisher={Courier Corporation}
}

@book{lipovaca2011learn,
  title={Learn you a haskell for great good!: a beginner's guide},
  author={Lipovaca, Miran},
  year={2011},
  publisher={no starch press}
}

@article{gill2014domain,
  title={Domain-specific languages and code synthesis using Haskell},
  author={Gill, Andy},
  journal={Communications of the ACM},
  volume={57},
  number={6},
  pages={42--49},
  year={2014},
  publisher={ACM}
}

@inproceedings{abel2005verifying,
  title={Verifying Haskell programs using constructive type theory},
  author={Abel, Andreas and Benke, Marcin and Bove, Ana and Hughes, John and Norell, Ulf},
  booktitle={Proceedings of the 2005 ACM SIGPLAN workshop on Haskell},
  pages={62--73},
  year={2005},
  organization={ACM}
}

@inproceedings{hallahan2019g2q,
  title={G2Q: Haskell constraint solving},
  author={Hallahan, William T and Xue, Anton and Piskac, Ruzica},
  booktitle={Proceedings of the 12th ACM SIGPLAN International Symposium on Haskell},
  pages={44--57},
  year={2019},
  organization={ACM}
}

@article{schrijvers2016monad,
  title={Monad transformers and modular algebraic effects: What binds them together},
  author={Schrijvers, Tom and Pir{\'o}g, Maciej and Wu, Nicolas and Jaskelioff, Mauro},
  journal={CW Reports},
  year={2016},
  publisher={Department of Computer Science, KU Leuven; Leuven, Belgium}
}

@inproceedings{Christiansen,
 author = {Christiansen, Jan and Dylus, Sandra and Bunkenburg, Niels},
 title = {Verifying Effectful Haskell Programs in Coq},
 booktitle = {Proceedings of the 12th ACM SIGPLAN International Symposium on Haskell},
 series = {Haskell 2019},
 year = {2019},
 isbn = {978-1-4503-6813-1},
 location = {Berlin, Germany},
 pages = {125--138},
 numpages = {14},
 url = {http://doi.acm.org/10.1145/3331545.3342592},
 doi = {10.1145/3331545.3342592},
 acmid = {3342592},
 publisher = {ACM},
 address = {New York, NY, USA},
 keywords = {Coq, Haskell, free monad, monads, verification},
}

@inproceedings{Finkbeiner,
 author = {Finkbeiner, Bernd and Klein, Felix and Piskac, Ruzica and Santolucito, Mark},
 title = {Synthesizing Functional Reactive Programs},
 booktitle = {Proceedings of the 12th ACM SIGPLAN International Symposium on Haskell},
 series = {Haskell 2019},
 year = {2019},
 isbn = {978-1-4503-6813-1},
 location = {Berlin, Germany},
 pages = {162--175},
 numpages = {14},
 url = {http://doi.acm.org/10.1145/3331545.3342601},
 doi = {10.1145/3331545.3342601},
 acmid = {3342601},
 publisher = {ACM},
 address = {New York, NY, USA},
 keywords = {FRP, Reactive Synthesis, TSL},
} 

@phdthesis{vazou2016liquid,
  title={Liquid Haskell: Haskell as a theorem prover},
  author={Vazou, Niki},
  year={2016},
  school={UC San Diego}
}

@book{okasaki1999purely,
  title={Purely functional data structures},
  author={Okasaki, Chris},
  year={1999},
  publisher={Cambridge University Press}
}

@book{boolos2002computability,
  title={Computability and logic},
  author={Boolos, George S and Burgess, John P and Jeffrey, Richard C},
  year={2002},
  publisher={Cambridge university press}
}

@book{peyton1987implementation,
  title={The implementation of functional programming languages (prentice-hall international series in computer science)},
  author={Peyton Jones, Simon L},
  year={1987},
  publisher={Prentice-Hall, Inc.}
}

@book{barendregt2013lambda,
  title={Lambda calculus with types},
  author={Barendregt, Henk and Dekkers, Wil and Statman, Richard},
  year={2013},
  publisher={Cambridge University Press}
}

@book{hindley2008lambda,
  title={Lambda-calculus and Combinators, an Introduction},
  author={Hindley, J Roger and Seldin, Jonathan P},
  volume={13},
  year={2008},
  publisher={Cambridge University Press Cambridge}
}

@book{smullyan2014beginner,
  title={A beginner's guide to mathematical logic},
  author={Smullyan, Raymond M},
  year={2014},
  publisher={Courier Corporation}
}

@article{george2002philosophies,
  title={Philosophies of mathematics},
  author={George, Alexander and Velleman, D},
  journal={AMC},
  volume={10},
  pages={12},
  year={2002}
}

@book{weyl2013levels,
  title={Levels of infinity: selected writings on mathematics and philosophy},
  author={Weyl, Hermann},
  year={2013},
  publisher={Courier Corporation}
}